<record xmlns="http://www.loc.gov/MARC21/slim" xmlns:xsi="http://www.w3.org/2001/XMLSchema-instance" xsi:schemaLocation="http://www.loc.gov/MARC21/slim http://www.loc.gov/standards/marcxml/schema/MARC21slim.xsd"><leader>     nam a22        4500</leader><controlfield tag="001">3268994</controlfield><controlfield tag="003">NNC</controlfield><controlfield tag="006">m        d        </controlfield><controlfield tag="007">cr cn |||m|||a</controlfield><controlfield tag="008">150316s1928    ua      o     000 0 arard</controlfield><datafield ind1=" " ind2=" " tag="040"><subfield code="a">NNU</subfield><subfield code="b">eng</subfield><subfield code="e">rda</subfield><subfield code="c">NNU</subfield></datafield><datafield ind1=" " ind2=" " tag="043"><subfield code="a">aw-----</subfield><subfield code="a">ff-----</subfield><subfield code="a">e-sp---</subfield></datafield><datafield ind1=" " ind2="4" tag="050"><subfield code="a">HJ4163</subfield><subfield code="b">.Y3</subfield></datafield><datafield ind1="0" ind2=" " tag="100"><subfield code="6">880-01</subfield><subfield code="a">Yah&#803;ya&#769; ibn A&#772;dam,</subfield><subfield code="d">-818.</subfield></datafield><datafield ind1="1" ind2="0" tag="245"><subfield code="6">880-02</subfield><subfield code="a">Kita&#772;b al-khara&#772;j /</subfield><subfield code="c">ta&#700;li&#772;f Yah&#803;ya&#769; ibn A&#772;dam al-Qarshi&#772; ; s&#803;ah&#803;h&#803;ah&#803;ahu wa-sharrah&#803;ahu wa-wad&#803;a&#699;a faha&#772;risahu Ah&#803;mad Muh&#803;ammad Sha&#772;kir.</subfield></datafield><datafield ind1="3" ind2=" " tag="246"><subfield code="6">880-03</subfield><subfield code="a">Khara&#772;j</subfield></datafield><datafield ind1=" " ind2=" " tag="260"><subfield code="6">880-04</subfield><subfield code="a">Al-Qa&#772;hirah :</subfield><subfield code="b">Al-Mat&#803;ba&#699;ah al-Salafi&#772;yah wa-Maktabatuha,</subfield><subfield code="c">1347 [1928 or 9]</subfield></datafield><datafield ind1=" " ind2=" " tag="300"><subfield code="a">online resource (219 pages)</subfield></datafield><datafield ind1=" " ind2=" " tag="336"><subfield code="a">text</subfield><subfield code="2">rdacontent</subfield></datafield><datafield ind1=" " ind2=" " tag="337"><subfield code="a">computer</subfield><subfield code="2">rdamedia</subfield></datafield><datafield ind1=" " ind2=" " tag="338"><subfield code="a">online resource</subfield><subfield code="2">rdacarrier</subfield></datafield><datafield ind1=" " ind2=" " tag="500"><subfield code="a">Part of the Arabic Collections Online (ACO) project, contributed by Columbia University Libraries.</subfield></datafield><datafield ind1=" " ind2=" " tag="533"><subfield code="a">Electronic reproduction.</subfield><subfield code="b">New York, N.Y. :</subfield><subfield code="c">New York University,</subfield><subfield code="d">2015.</subfield><subfield code="5">NNU</subfield></datafield><datafield ind1=" " ind2="0" tag="650"><subfield code="a">Land value taxation.</subfield></datafield><datafield ind1=" " ind2="0" tag="650"><subfield code="a">Land value taxation</subfield><subfield code="z">Islamic Empire.</subfield></datafield><datafield ind1=" " ind2="7" tag="650"><subfield code="a">Land value taxation.</subfield><subfield code="2">fast</subfield><subfield code="0">(OCoLC)fst00991657</subfield></datafield><datafield ind1=" " ind2="7" tag="651"><subfield code="a">Islamic Empire.</subfield><subfield code="2">fast</subfield><subfield code="0">(OCoLC)fst01244134</subfield></datafield><datafield ind1="1" ind2=" " tag="700"><subfield code="a">Sha&#772;kir, Ah&#803;mad Muh&#803;ammad.</subfield></datafield><datafield ind1="2" ind2=" " tag="710"><subfield code="a">Columbia University.</subfield><subfield code="b">Libraries.</subfield></datafield><datafield ind1="0" ind2=" " tag="730"><subfield code="a">Arabic Collections Online.</subfield></datafield><datafield ind1="0" ind2="8" tag="776"><subfield code="i">Online version:</subfield><subfield code="a">Yah&#803;ya&#769; ibn A&#772;dam, -818.</subfield><subfield code="t">Kita&#772;b al-khara&#772;j.</subfield><subfield code="d">Al-Qa&#772;hirah : Al-Mat&#803;ba&#699;ah al-Salafi&#772;yah wa-Maktabatuha, 1347 [1928 or 9]</subfield><subfield code="w">(OCoLC)582786715</subfield></datafield><datafield ind1="0" ind2="8" tag="776"><subfield code="i">Print version:</subfield><subfield code="a">Yah&#803;ya&#769; ibn A&#772;dam, -818.</subfield><subfield code="t">Kita&#772;b al-khara&#772;j</subfield><subfield code="w">(NNC)3268994</subfield><subfield code="w">(OCoLC)29303347</subfield></datafield><datafield ind1="4" ind2="0" tag="856"><subfield code="u">http://hdl.handle.net/2333.1/kwh70vbg</subfield></datafield><datafield ind1="0" ind2=" " tag="880"><subfield code="6">100-01/r</subfield><subfield code="a">&#1610;&#1581;&#1610;&#1609; &#1576;&#1606; &#1570;&#1583;&#1605;.</subfield></datafield><datafield ind1="1" ind2="0" tag="880"><subfield code="6">245-02/r</subfield><subfield code="a">&#1603;&#1578;&#1575;&#1576; &#1575;&#1604;&#1582;&#1585;&#1575;&#1580; /</subfield><subfield code="c">&#1578;&#1571;&#1604;&#1610;&#1601; &#1610;&#1581;&#1610;&#1609; &#1576;&#1606; &#1570;&#1583;&#1605; &#1575;&#1604;&#1602;&#1585;&#1588;&#1610; &#1563; &#1589;&#1581;&#1581;&#1607; &#1608;&#1588;&#1585;&#1581;&#1607; &#1608;&#1608;&#1590;&#1593; &#1601;&#1607;&#1575;&#1585;&#1587;&#1607; &#1571;&#1581;&#1605;&#1583; &#1605;&#1581;&#1605;&#1583; &#1588;&#1575;&#1603;&#1585;.</subfield></datafield><datafield ind1="3" ind2=" " tag="880"><subfield code="6">246-03/r</subfield><subfield code="a">&#1582;&#1585;&#1575;&#1580;</subfield></datafield><datafield ind1=" " ind2=" " tag="880"><subfield code="6">260-04/r</subfield><subfield code="a">&#1575;&#1604;&#1602;&#1575;&#1607;&#1585;&#1577; :</subfield><subfield code="b">&#1575;&#1604;&#1605;&#1591;&#1576;&#1593;&#1577; &#1575;&#1604;&#1587;&#1604;&#1601;&#1610;&#1577; &#1608;&#1605;&#1603;&#1578;&#1576;&#1578;&#1607;&#1575;&#1548;</subfield><subfield code="c">1347 [1928 &#1571;&#1608; 9].</subfield></datafield><datafield ind1="1" ind2=" " tag="880"><subfield code="6">700-00/r</subfield><subfield code="a">&#1588;&#1575;&#1603;&#1585;&#1548; &#1571;&#1581;&#1605;&#1583; &#1605;&#1581;&#1605;&#1583;.</subfield></datafield><datafield ind1=" " ind2=" " tag="959"><subfield code="a">NNU</subfield><subfield code="b">WEB</subfield><subfield code="c">GENI</subfield><subfield code="t">0</subfield><subfield code="m">Electronic access</subfield><subfield code="s">01</subfield></datafield><datafield ind1=" " ind2=" " tag="999"><subfield code="i">NNC_3268994</subfield><subfield code="o">(OCoLC)ocm29303347 </subfield><subfield code="s">columbia_aco000322</subfield><subfield code="e">(ERROR-880)</subfield></datafield></record>